% 26131476
@Article{pmid26131476,
   Author="Coetzee, M.  and Hunt, R. H.  and Wilkerson, R.  and Della Torre, A.  and Coulibaly, M. B.  and Besansky, N. J. ",
   Title="{{A}nopheles coluzzii and {A}nopheles amharicus, new members of the {A}nopheles gambiae complex}",
   Journal="Zootaxa",
   Year="2013",
   Volume="3619",
   Pages="246--274"
}

@Article{pmid25554792,
   Author="Neafsey, D. E.  and Waterhouse, R. M.  and Abai, M. R.  and Aganezov, S. S.  and Alekseyev, M. A.  and Allen, J. E.  and Amon, J.  and Arca, B.  and Arensburger, P.  and Artemov, G.  and Assour, L. A.  and Basseri, H.  and Berlin, A.  and Birren, B. W.  and Blandin, S. A.  and Brockman, A. I.  and Burkot, T. R.  and Burt, A.  and Chan, C. S.  and Chauve, C.  and Chiu, J. C.  and Christensen, M.  and Costantini, C.  and Davidson, V. L.  and Deligianni, E.  and Dottorini, T.  and Dritsou, V.  and Gabriel, S. B.  and Guelbeogo, W. M.  and Hall, A. B.  and Han, M. V.  and Hlaing, T.  and Hughes, D. S.  and Jenkins, A. M.  and Jiang, X.  and Jungreis, I.  and Kakani, E. G.  and Kamali, M.  and Kemppainen, P.  and Kennedy, R. C.  and Kirmitzoglou, I. K.  and Koekemoer, L. L.  and Laban, N.  and Langridge, N.  and Lawniczak, M. K.  and Lirakis, M.  and Lobo, N. F.  and Lowy, E.  and MacCallum, R. M.  and Mao, C.  and Maslen, G.  and Mbogo, C.  and McCarthy, J.  and Michel, K.  and Mitchell, S. N.  and Moore, W.  and Murphy, K. A.  and Naumenko, A. N.  and Nolan, T.  and Novoa, E. M.  and O'Loughlin, S.  and Oringanje, C.  and Oshaghi, M. A.  and Pakpour, N.  and Papathanos, P. A.  and Peery, A. N.  and Povelones, M.  and Prakash, A.  and Price, D. P.  and Rajaraman, A.  and Reimer, L. J.  and Rinker, D. C.  and Rokas, A.  and Russell, T. L.  and Sagnon, N.  and Sharakhova, M. V.  and Shea, T.  and Simao, F. A.  and Simard, F.  and Slotman, M. A.  and Somboon, P.  and Stegniy, V.  and Struchiner, C. J.  and Thomas, G. W.  and Tojo, M.  and Topalis, P.  and Tubio, J. M.  and Unger, M. F.  and Vontas, J.  and Walton, C.  and Wilding, C. S.  and Willis, J. H.  and Wu, Y. C.  and Yan, G.  and Zdobnov, E. M.  and Zhou, X.  and Catteruccia, F.  and Christophides, G. K.  and Collins, F. H.  and Cornman, R. S.  and Crisanti, A.  and Donnelly, M. J.  and Emrich, S. J.  and Fontaine, M. C.  and Gelbart, W.  and Hahn, M. W.  and Hansen, I. A.  and Howell, P. I.  and Kafatos, F. C.  and Kellis, M.  and Lawson, D.  and Louis, C.  and Luckhart, S.  and Muskavitch, M. A.  and Ribeiro, J. M.  and Riehle, M. A.  and Sharakhov, I. V.  and Tu, Z.  and Zwiebel, L. J.  and Besansky, N. J. ",
   Title="{{M}osquito genomics. {H}ighly evolvable malaria vectors: the genomes of 16 {A}nopheles mosquitoes}",
   Journal="Science",
   Year="2015",
   Volume="347",
   Number="6217",
   Pages="1258522",
   Month="Jan"
}

@Article{pmid19460144,
   Author="Costantini, C.  and Ayala, D.  and Guelbeogo, W. M.  and Pombi, M.  and Some, C. Y.  and Bassole, I. H.  and Ose, K.  and Fotsing, J. M.  and Sagnon, N.  and Fontenille, D.  and Besansky, N. J.  and Simard, F. ",
   Title="{{L}iving at the edge: biogeographic patterns of habitat segregation conform to speciation by niche expansion in {A}nopheles gambiae}",
   Journal="BMC Ecol.",
   Year="2009",
   Volume="9",
   Pages="16"
}

@article{lanzaro2013speciation,
  title={Speciation in Anopheles gambiaeâ€”The distribution of genetic polymorphism and patterns of reproductive isolation among natural populations},
  author={Lanzaro, Gregory C and Lee, Yoosook},
  journal={Anopheles Mosquitoes: New Insights into Malaria Vector, ed Manguin S (InTech, Rijeka, Croatia)},
  year={2013}
}

@article{lee2013spatiotemporal,
  title={Spatiotemporal dynamics of gene flow and hybrid fitness between the M and S forms of the malaria mosquito, Anopheles gambiae},
  author={Lee, Yoosook and Marsden, Clare D and Norris, Laura C and Collier, Travis C and Main, Bradley J and Fofana, Abdrahamane and Cornel, Anthony J and Lanzaro, Gregory C},
  journal={Proceedings of the National Academy of Sciences},
  volume={110},
  number={49},
  pages={19854--19859},
  year={2013},
  publisher={National Acad Sciences}
}

@article{slotman2004genetics,
  title={The genetics of inviability and male sterility in hybrids between Anopheles gambiae and An. arabiensis},
  author={Slotman, M and Della Torre, A and Powell, JR},
  journal={Genetics},
  volume={167},
  number={1},
  pages={275--287},
  year={2004},
  publisher={Genetics Soc America}
}
