@Article{marth99,
   Author="Marth, G. T.  and Korf, I.  and Yandell, M. D.  and Yeh, R. T.  and Gu, Z.  and Zakeri, H.  and Stitziel, N. O.  and Hillier, L.  and Kwok, P. Y.  and Gish, W. R. ",
   Title="{{A} general approach to single-nucleotide polymorphism discovery}",
   Journal="Nat. Genet.",
   Year="1999",
   Volume="23",
   Pages="452--456",
   Month="Dec"
}

@misc{freebayeshome,
Author="Garrison, E.",
Howpublished={\url{http://bioinformatics.bc.edu/marthlab/FreeBayes}},
Title="{FreeBayes}",
Year=2011
}

@misc{freebayesgit,
Author="Garrison, E.",
Howpublished={\url{https://github.com/ekg/freebayes}},
Title="{FreeBayes source repository}",
Year=2012
}

@misc{mutatrixgit,
Author="Garrison, E.",
Howpublished={\url{https://github.com/ekg/mutatrix}},
Title="{mutatrix population genome simulator}",
Year=2012
}

@misc{ogapgit,
Author="Garrison, E.",
Howpublished={\url{https://github.com/ekg/ogap}},
Title="{ogap: a local indel realigner}",
Year=2012
}

@misc{vcflibgit,
Author="Garrison, E.",
Howpublished={\url{https://github.com/ekg/vcflib}},
Title="{vcflib: variant call file processing and manipulation utilities}",
Year=2012
}

@misc{bamleftaligngit,
Author="Garrison, E.",
Howpublished={\url{https://github.com/ekg/freebayes/blob/master/src/bamleftalign.cpp}},
Title="{bamleftalign: BAM indel left-realigner}",
Year=2012
}

@misc{mosaik,
Author="Lee, W. P. and M. Str{\"{o}}mberg",
Howpublished={\url{https://github.com/wanpinglee/MOSAIK}},
Title="{MOSAIK reference-guided aligner for next-generation sequencing technologies}",
Year=2012
}

@Article{ewens72,
   Author="Ewens, W. J. ",
   Title="{{T}he sampling theory of selectively neutral alleles}",
   Journal="Theor Popul Biol",
   Year="1972",
   Volume="3",
   Pages="87--112",
   Month="Mar"
}

@Article{li2011stats,
   Author="Li, H. ",
   Title="{{A} statistical framework for {S}{N}{P} calling, mutation discovery, association mapping and population genetical parameter estimation from sequencing data}",
   Journal="Bioinformatics",
   Year="2011",
   Volume="27",
   Number="21",
   Pages="2987--2993",
   Month="Nov"
}



@Article{samtools,
   Author="Li, H.  and Handsaker, B.  and Wysoker, A.  and Fennell, T.  and Ruan, J.  and Homer, N.  and Marth, G.  and Abecasis, G.  and Durbin, R. ",
   Title="{{T}he {S}equence {A}lignment/{M}ap format and {S}{A}{M}tools}",
   Journal="Bioinformatics",
   Year="2009",
   Volume="25",
   Number="16",
   Pages="2078--2079",
   Month="Aug"
}

@Article{libaq,
   Author="Li, H. ",
   Title="{{I}mproving {S}{N}{P} discovery by base alignment quality}",
   Journal="Bioinformatics",
   Year="2011",
   Volume="27",
   Number="8",
   Pages="1157--1158",
   Month="Apr"
}

@Article{gatk2011,
   Author="DePristo, M. A.  and Banks, E.  and Poplin, R.  and Garimella, K. V.  and Maguire, J. R.  and Hartl, C.  and Philippakis, A. A.  and del Angel, G.  and Rivas, M. A.  and Hanna, M.  and McKenna, A.  and Fennell, T. J.  and Kernytsky, A. M.  and Sivachenko, A. Y.  and Cibulskis, K.  and Gabriel, S. B.  and Altshuler, D.  and Daly, M. J. ",
   Title="{{A} framework for variation discovery and genotyping using next-generation {D}{N}{A} sequencing data}",
   Journal="Nat. Genet.",
   Year="2011",
   Volume="43",
   Number="5",
   Pages="491--498",
   Month="May"
}

@Article{browning2007,
   Author="Browning, S. R.  and Browning, B. L. ",
   Title="{{R}apid and accurate haplotype phasing and missing-data inference for whole-genome association studies by use of localized haplotype clustering}",
   Journal="Am. J. Hum. Genet.",
   Year="2007",
   Volume="81",
   Number="5",
   Pages="1084--1097",
   Month="Nov"
}

@Article{mach2010,
   Author="Li, Y.  and Willer, C. J.  and Ding, J.  and Scheet, P.  and Abecasis, G. R. ",
   Title="{{M}a{C}{H}: using sequence and genotype data to estimate haplotypes and unobserved genotypes}",
   Journal="Genet. Epidemiol.",
   Year="2010",
   Volume="34",
   Number="8",
   Pages="816--834",
   Month="Dec"
}

@Article{delaneau2012,
   Author="Delaneau, O.  and Marchini, J.  and Zagury, J. F. ",
   Title="{{A} linear complexity phasing method for thousands of genomes}",
   Journal="Nat. Methods",
   Year="2012",
   Volume="9",
   Number="2",
   Pages="179--181",
   Month="Feb"
}

@Article{howie2009,
   Author="Howie, B. N.  and Donnelly, P.  and Marchini, J. ",
   Title="{{A} flexible and accurate genotype imputation method for the next generation of genome-wide association studies}",
   Journal="PLoS Genet.",
   Year="2009",
   Volume="5",
   Number="6",
   Pages="e1000529",
   Month="Jun"
}

@Article{howie2011,
   Author="Howie, B.  and Marchini, J.  and Stephens, M. ",
   Title="{{G}enotype imputation with thousands of genomes}",
   Journal="G3 (Bethesda)",
   Year="2011",
   Volume="1",
   Number="6",
   Pages="457--470",
   Month="Nov"
}

@Article{clarke2009,
   Author="Clarke, J.  and Wu, H. C.  and Jayasinghe, L.  and Patel, A.  and Reid, S.  and Bayley, H. ",
   Title="{{C}ontinuous base identification for single-molecule nanopore {D}{N}{A} sequencing}",
   Journal="Nat Nanotechnol",
   Year="2009",
   Volume="4",
   Number="4",
   Pages="265--270",
   Month="Apr"
}

@Article{branton2008,
   Author="Branton, D.  and Deamer, D. W.  and Marziali, A.  and Bayley, H.  and Benner, S. A.  and Butler, T.  and Di Ventra, M.  and Garaj, S.  and Hibbs, A.  and Huang, X.  and Jovanovich, S. B.  and Krstic, P. S.  and Lindsay, S.  and Ling, X. S.  and Mastrangelo, C. H.  and Meller, A.  and Oliver, J. S.  and Pershin, Y. V.  and Ramsey, J. M.  and Riehn, R.  and Soni, G. V.  and Tabard-Cossa, V.  and Wanunu, M.  and Wiggin, M.  and Schloss, J. A. ",
   Title="{{T}he potential and challenges of nanopore sequencing}",
   Journal="Nat. Biotechnol.",
   Year="2008",
   Volume="26",
   Number="10",
   Pages="1146--1153",
   Month="Oct"
}

@Article{tajima1983,
   Author="Tajima, F. ",
   Title="{{E}volutionary relationship of {D}{N}{A} sequences in finite populations}",
   Journal="Genetics",
   Year="1983",
   Volume="105",
   Number="2",
   Pages="437--460",
   Month="Oct"
}

@Article{watterson1975,
   Author="Watterson, G. A. ",
   Title="{{O}n the number of segregating sites in genetical models without recombination}",
   Journal="Theor Popul Biol",
   Year="1975",
   Volume="7",
   Number="2",
   Pages="256--276",
   Month="Apr"
}

@Techreport{holtgrewe2010,
    Author="Holtgrewe, M.",
    Year="2010",
    Title="Mason – a read simulator for second generation sequencing data",
    Journal="Technical Report",
    Number="TR-B-10-06",
    Institution="Institut für Mathematik und Informatik, Freie Universität Berlin"
}

% 23128226 
@Article{1000Gphase1,
    Title="{{A}n integrated map of genetic variation from 1,092 human genomes}",
    Journal="Nature",
    Year="2012",
    Volume="491",
    Number="7422",
    Pages="56--65",
    Month="Nov",
    Author="1000 Genomes Project Participants, The"
}

@Article{iqbal2012,
    Author="Iqbal, Z.  and Caccamo, M.  and Turner, I.  and Flicek, P.  and McVean, G. ",
    Title="{{D}e novo assembly and genotyping of variants using colored de {B}ruijn graphs}",
    Journal="Nat. Genet.",
    Year="2012",
    Volume="44",
    Number="2",
    Pages="226--232",
    Month="Feb"
}

@Article{albers2011,
    Author="Albers, C. A.  and Lunter, G.  and MacArthur, D. G.  and McVean, G.  and Ouwehand, W. H.  and Durbin, R. ",
    Title="{{D}indel: accurate indel calls from short-read data}",
    Journal="Genome Res.",
    Year="2011",
    Volume="21",
    Number="6",
    Pages="961--973",
    Month="Jun"
}

@article{opmac99,
  author    = {David W. Opitz and
               Richard Maclin},
  title     = {Popular Ensemble Methods: An Empirical Study},
  journal   = {J. Artif. Intell. Res. (JAIR)},
  volume    = {11},
  year      = {1999},
  pages     = {169-198},
}

@Article{blmash,
   Author="Cleary, S. P.  and Zhang, W.  and Di Nicola, N.  and Aronson, M.  and Aube, J.  and Steinman, A.  and Haddad, R.  and Redston, M.  and Gallinger, S.  and Narod, S. A.  and Gryfe, R. ",
   Title="{{H}eterozygosity for the {B}{L}{M}({A}sh) mutation and cancer risk}",
   Journal="Cancer Res.",
   Year="2003",
   Volume="63",
   Number="8",
   Pages="1769--1771",
   Month="Apr"
}

@Article{recurrentTERT2013,
   Author="Huang, F. W.  and Hodis, E.  and Xu, M. J.  and Kryukov, G. V.  and Chin, L.  and Garraway, L. A. ",
   Title="{{H}ighly recurrent {T}{E}{R}{T} promoter mutations in human melanoma}",
   Journal="Science",
   Year="2013",
   Volume="339",
   Number="6122",
   Pages="957--959",
   Month="Feb"
}

@Article{snpsvm,
   Author="O'Fallon, B. D.  and Wooderchak-Donahue, W.  and Crockett, D. K. ",
   Title="{{A} support vector machine for identification of single-nucleotide polymorphisms from next-generation sequencing data}",
   Journal="Bioinformatics",
   Year="2013",
   Volume="29",
   Number="11",
   Pages="1361--1366",
   Month="Jun"
}

@Article{snptools,
   Author="Wang, Y.  and Lu, J.  and Yu, J.  and Gibbs, R. A.  and Yu, F. ",
   Title="{{A}n integrative variant analysis pipeline for accurate genotype/haplotype inference in population {N}{G}{S} data}",
   Journal="Genome Res.",
   Year="2013",
   Volume="23",
   Number="5",
   Pages="833--842",
   Month="May"
}

@Article{maq,
   Author="Li, H.  and Ruan, J.  and Durbin, R. ",
   Title="{{M}apping short {D}{N}{A} sequencing reads and calling variants using mapping quality scores}",
   Journal="Genome Res.",
   Year="2008",
   Volume="18",
   Number="11",
   Pages="1851--1858",
   Month="Nov"
}

@Article{mummer,
   Author="Delcher, A. L.  and Kasif, S.  and Fleischmann, R. D.  and Peterson, J.  and White, O.  and Salzberg, S. L. ",
   Title="{{A}lignment of whole genomes}",
   Journal="Nucleic Acids Res.",
   Year="1999",
   Volume="27",
   Number="11",
   Pages="2369--2376",
   Month="Jun"
}

% 11237011 
%   Author="Lander, E. S.  and Linton, L. M.  and Birren, B.  and Nusbaum, C.  and Zody, M. C.  and Baldwin, J.  and Devon, K.  and Dewar, K.  and Doyle, M.  and FitzHugh, W.  and Funke, R.  and Gage, D.  and Harris, K.  and Heaford, A.  and Howland, J.  and Kann, L.  and Lehoczky, J.  and LeVine, R.  and McEwan, P.  and McKernan, K.  and Meldrim, J.  and Mesirov, J. P.  and Miranda, C.  and Morris, W.  and Naylor, J.  and Raymond, C.  and Rosetti, M.  and Santos, R.  and Sheridan, A.  and Sougnez, C.  and Stange-Thomann, N.  and Stojanovic, N.  and Subramanian, A.  and Wyman, D.  and Rogers, J.  and Sulston, J.  and Ainscough, R.  and Beck, S.  and Bentley, D.  and Burton, J.  and Clee, C.  and Carter, N.  and Coulson, A.  and Deadman, R.  and Deloukas, P.  and Dunham, A.  and Dunham, I.  and Durbin, R.  and French, L.  and Grafham, D.  and Gregory, S.  and Hubbard, T.  and Humphray, S.  and Hunt, A.  and Jones, M.  and Lloyd, C.  and McMurray, A.  and Matthews, L.  and Mercer, S.  and Milne, S.  and Mullikin, J. C.  and Mungall, A.  and Plumb, R.  and Ross, M.  and Shownkeen, R.  and Sims, S.  and Waterston, R. H.  and Wilson, R. K.  and Hillier, L. W.  and McPherson, J. D.  and Marra, M. A.  and Mardis, E. R.  and Fulton, L. A.  and Chinwalla, A. T.  and Pepin, K. H.  and Gish, W. R.  and Chissoe, S. L.  and Wendl, M. C.  and Delehaunty, K. D.  and Miner, T. L.  and Delehaunty, A.  and Kramer, J. B.  and Cook, L. L.  and Fulton, R. S.  and Johnson, D. L.  and Minx, P. J.  and Clifton, S. W.  and Hawkins, T.  and Branscomb, E.  and Predki, P.  and Richardson, P.  and Wenning, S.  and Slezak, T.  and Doggett, N.  and Cheng, J. F.  and Olsen, A.  and Lucas, S.  and Elkin, C.  and Uberbacher, E.  and Frazier, M.  and Gibbs, R. A.  and Muzny, D. M.  and Scherer, S. E.  and Bouck, J. B.  and Sodergren, E. J.  and Worley, K. C.  and Rives, C. M.  and Gorrell, J. H.  and Metzker, M. L.  and Naylor, S. L.  and Kucherlapati, R. S.  and Nelson, D. L.  and Weinstock, G. M.  and Sakaki, Y.  and Fujiyama, A.  and Hattori, M.  and Yada, T.  and Toyoda, A.  and Itoh, T.  and Kawagoe, C.  and Watanabe, H.  and Totoki, Y.  and Taylor, T.  and Weissenbach, J.  and Heilig, R.  and Saurin, W.  and Artiguenave, F.  and Brottier, P.  and Bruls, T.  and Pelletier, E.  and Robert, C.  and Wincker, P.  and Smith, D. R.  and Doucette-Stamm, L.  and Rubenfield, M.  and Weinstock, K.  and Lee, H. M.  and Dubois, J.  and Rosenthal, A.  and Platzer, M.  and Nyakatura, G.  and Taudien, S.  and Rump, A.  and Yang, H.  and Yu, J.  and Wang, J.  and Huang, G.  and Gu, J.  and Hood, L.  and Rowen, L.  and Madan, A.  and Qin, S.  and Davis, R. W.  and Federspiel, N. A.  and Abola, A. P.  and Proctor, M. J.  and Myers, R. M.  and Schmutz, J.  and Dickson, M.  and Grimwood, J.  and Cox, D. R.  and Olson, M. V.  and Kaul, R.  and Raymond, C.  and Shimizu, N.  and Kawasaki, K.  and Minoshima, S.  and Evans, G. A.  and Athanasiou, M.  and Schultz, R.  and Roe, B. A.  and Chen, F.  and Pan, H.  and Ramser, J.  and Lehrach, H.  and Reinhardt, R.  and McCombie, W. R.  and de la Bastide, M.  and Dedhia, N.  and Blocker, H.  and Hornischer, K.  and Nordsiek, G.  and Agarwala, R.  and Aravind, L.  and Bailey, J. A.  and Bateman, A.  and Batzoglou, S.  and Birney, E.  and Bork, P.  and Brown, D. G.  and Burge, C. B.  and Cerutti, L.  and Chen, H. C.  and Church, D.  and Clamp, M.  and Copley, R. R.  and Doerks, T.  and Eddy, S. R.  and Eichler, E. E.  and Furey, T. S.  and Galagan, J.  and Gilbert, J. G.  and Harmon, C.  and Hayashizaki, Y.  and Haussler, D.  and Hermjakob, H.  and Hokamp, K.  and Jang, W.  and Johnson, L. S.  and Jones, T. A.  and Kasif, S.  and Kaspryzk, A.  and Kennedy, S.  and Kent, W. J.  and Kitts, P.  and Koonin, E. V.  and Korf, I.  and Kulp, D.  and Lancet, D.  and Lowe, T. M.  and McLysaght, A.  and Mikkelsen, T.  and Moran, J. V.  and Mulder, N.  and Pollara, V. J.  and Ponting, C. P.  and Schuler, G.  and Schultz, J.  and Slater, G.  and Smit, A. F.  and Stupka, E.  and Szustakowski, J.  and Thierry-Mieg, D.  and Thierry-Mieg, J.  and Wagner, L.  and Wallis, J.  and Wheeler, R.  and Williams, A.  and Wolf, Y. I.  and Wolfe, K. H.  and Yang, S. P.  and Yeh, R. F.  and Collins, F.  and Guyer, M. S.  and Peterson, J.  and Felsenfeld, A.  and Wetterstrand, K. A.  and Patrinos, A.  and Morgan, M. J.  and de Jong, P.  and Catanese, J. J.  and Osoegawa, K.  and Shizuya, H.  and Choi, S.  and Chen, Y. J.  and Szustakowki, J. ",
@Article{pmid11237011,
   Title="{{I}nitial sequencing and analysis of the human genome}",
   Journal="Nature",
   Year="2001",
   Volume="409",
   Number="6822",
   Pages="860--921",
   Month="Feb",
   Author="International Human Genome Sequencing Consortium"
}

% 12368864 
@Article{pfalciparum,
   Author="Gardner, M. J.  and Hall, N.  and Fung, E.  and White, O.  and Berriman, M.  and Hyman, R. W.  and Carlton, J. M.  and Pain, A.  and Nelson, K. E.  and Bowman, S.  and Paulsen, I. T.  and James, K.  and Eisen, J. A.  and Rutherford, K.  and Salzberg, S. L.  and Craig, A.  and Kyes, S.  and Chan, M. S.  and Nene, V.  and Shallom, S. J.  and Suh, B.  and Peterson, J.  and Angiuoli, S.  and Pertea, M.  and Allen, J.  and Selengut, J.  and Haft, D.  and Mather, M. W.  and Vaidya, A. B.  and Martin, D. M.  and Fairlamb, A. H.  and Fraunholz, M. J.  and Roos, D. S.  and Ralph, S. A.  and McFadden, G. I.  and Cummings, L. M.  and Subramanian, G. M.  and Mungall, C.  and Venter, J. C.  and Carucci, D. J.  and Hoffman, S. L.  and Newbold, C.  and Davis, R. W.  and Fraser, C. M.  and Barrell, B. ",
   Title="{{G}enome sequence of the human malaria parasite {P}lasmodium falciparum}",
   Journal="Nature",
   Year="2002",
   Volume="419",
   Number="6906",
   Pages="498--511",
   Month="Oct"
}

@misc{pfalciparumweb,
Author="Plasmodium falciparum Genome Project Consortium",
Howpublished={\url{http://www.sanger.ac.uk/resources/downloads/protozoa/plasmodium-falciparum.html}},
Title="{Plasmodium falciparum Genome Project}",
Year=2015
}

% 21030649 
@Article{sudmant2010,
   Author="Sudmant, P. H.  and Kitzman, J. O.  and Antonacci, F.  and Alkan, C.  and Malig, M.  and Tsalenko, A.  and Sampas, N.  and Bruhn, L.  and Shendure, J. and 1000 Genomes Project  and Eichler, E. E.",
   Title="{{D}iversity of human copy number variation and multicopy genes}",
   Journal="Science",
   Year="2010",
   Volume="330",
   Number="6004",
   Pages="641--646",
   Month="Oct"
}

% 20858594 
@Article{mills2010,
   Author="Mullaney, J. M.  and Mills, R. E.  and Pittard, W. S.  and Devine, S. E. ",
   Title="{{S}mall insertions and deletions ({I}{N}{D}{E}{L}s) in human genomes}",
   Journal="Hum. Mol. Genet.",
   Year="2010",
   Volume="19",
   Number="R2",
   Pages="R131--136",
   Month="Oct"
}

@misc{li2013bwamem,
Author = {Heng Li},
Title = {Aligning sequence reads, clone sequences and assembly contigs with BWA-MEM},
Year = {2013},
Eprint = {arXiv:1303.3997},
}

% 21876680 
@Article{stewart2011,
   Author="Stewart, C.  and Kural, D.  and Stromberg, M. P.  and Walker, J. A.  and Konkel, M. K.  and Stutz, A. M.  and Urban, A. E.  and Grubert, F.  and Lam, H. Y.  and Lee, W. P.  and Busby, M.  and Indap, A. R.  and Garrison, E.  and Huff, C.  and Xing, J.  and Snyder, M. P.  and Jorde, L. B.  and Batzer, M. A.  and Korbel, J. O.  and Marth, G. T. ",
   Title="{{A} comprehensive map of mobile element insertion polymorphisms in humans}",
   Journal="PLoS Genet.",
   Year="2011",
   Volume="7",
   Number="8",
   Pages="e1002236",
   Month="Aug"
}

@article{paten2014mapping,
  title={Mapping to a Reference Genome Structure},
  author={Paten, Benedict and Novak, Adam and Haussler, David},
  journal={arXiv preprint arXiv:1404.5010},
  year={2014}
}

% 11934745 
@Article{lee2002POA,
   Author="Lee, C.  and Grasso, C.  and Sharlow, M. F. ",
   Title="{{M}ultiple sequence alignment using partial order graphs}",
   Journal="Bioinformatics",
   Year="2002",
   Volume="18",
   Number="3",
   Pages="452--464",
   Month="Mar"
}

% 7166760 
@Article{gotoh1982,
   Author="Gotoh, O. ",
   Title="{{A}n improved algorithm for matching biological sequences}",
   Journal="J. Mol. Biol.",
   Year="1982",
   Volume="162",
   Number="3",
   Pages="705--708",
   Month="Dec"
}

% 20529929 
@Article{simpson2010,
   Author="Simpson, J. T.  and Durbin, R. ",
   Title="{{E}fficient construction of an assembly string graph using the {F}{M}-index}",
   Journal="Bioinformatics",
   Year="2010",
   Volume="26",
   Number="12",
   Pages="i367--373",
   Month="Jun"
}

% 16204131 
@Article{myers2005,
   Author="Myers, E. W. ",
   Title="{{T}he fragment assembly string graph}",
   Journal="Bioinformatics",
   Year="2005",
   Volume="21 Suppl 2",
   Pages="79--85",
   Month="Sep"
}

% 21653522 
@Article{danecek2011,
   Author="Danecek, P.  and Auton, A.  and Abecasis, G.  and Albers, C. A.  and Banks, E.  and DePristo, M. A.  and Handsaker, R. E.  and Lunter, G.  and Marth, G. T.  and Sherry, S. T.  and McVean, G.  and Durbin, R.",
   Title="{{T}he variant call format and {V}{C}{F}tools}",
   Journal="Bioinformatics",
   Year="2011",
   Volume="27",
   Number="15",
   Pages="2156--2158",
   Month="Aug"
}

@article{Yuan_2012,
  title= {Read-mapping using personalized diploid reference genome for RNA sequencing data reduced bias for detecting allele-specific expression},
  isbn= {http://id.crossref.org/isbn/978-1-4673-2744-2},
  url= {http://dx.doi.org/10.1109/BIBMW.2012.6470225},
  journal= {2012 IEEE International Conference on Bioinformatics and Biomedicine Workshops},
  publisher= {IEEE},
  author= {Yuan, Shuai and Qin, Zhaohui},
  year= {2012},
  month= {Oct},
}

@article{protobuf,
title="Protocol Buffers - Google's data interchange format",
Author="Sanjay Ghemawat and Jeff Dean and Daniel Dulitz and Craig Silverstein and Paul Haahr and Corey Anderson",
Howpublished={\url{https://github.com/google/protobuf/}},
year=2015
}

% 2706401 
@Article{myers1989,
   Author="Myers, E. W.  and Miller, W. ",
   Title="{{A}pproximate matching of regular expressions}",
   Journal="Bull. Math. Biol.",
   Year="1989",
   Volume="51",
   Number="1",
   Pages="5--37"
}

% 19505943 
@Article{li2009sambam,
   Author="Li, H.  and Handsaker, B.  and Wysoker, A.  and Fennell, T.  and Ruan, J.  and Homer, N.  and Marth, G.  and Abecasis, G.  and Durbin, R. ",
   Title="{{T}he {S}equence {A}lignment/{M}ap format and {S}{A}{M}tools}",
   Journal="Bioinformatics",
   Year="2009",
   Volume="25",
   Number="16",
   Pages="2078--2079",
   Month="Aug"
}

@incollection{siren2011indexing,
  title={Indexing finite language representation of population genotypes},
  author={Sir{\'e}n, Jouni and V{\"a}lim{\"a}ki, Niko and M{\"a}kinen, Veli},
  booktitle={Algorithms in Bioinformatics},
  pages={270--281},
  year={2011},
  publisher={Springer}
}

@article{li2013aligning,
  title={Aligning sequence reads, clone sequences and assembly contigs with BWA-MEM},
  author={Li, Heng},
  journal={arXiv preprint arXiv:1303.3997},
  year={2013}
}

@article{kent2002blat,
  title={BLAT—the BLAST-like alignment tool},
  author={Kent, W James},
  journal={Genome research},
  volume={12},
  number={4},
  pages={656--664},
  year={2002},
  publisher={Cold Spring Harbor Lab}
}

@inproceedings{ferragina2004alphabet,
  title={An alphabet-friendly FM-index},
  author={Ferragina, Paolo and Manzini, Giovanni and M{\"a}kinen, Veli and Navarro, Gonzalo},
  booktitle={String Processing and Information Retrieval},
  pages={150--160},
  year={2004},
  organization={Springer}
}

@article{lee2014mosaik,
  title={MOSAIK: A hash-based algorithm for accurate next-generation sequencing short-read mapping},
  author={Lee, Wan-Ping and Stromberg, Michael P and Ward, Alistair and Stewart, Chip and Garrison, Erik P and Marth, Gabor T},
  journal={PloS one},
  volume={9},
  number={3},
  pages={e90581},
  year={2014},
  publisher={Public Library of Science}
}

@article{puglisi2007taxonomy,
  title={A taxonomy of suffix array construction algorithms},
  author={Puglisi, Simon J and Smyth, William F and Turpin, Andrew H},
  journal={ACM Computing Surveys (CSUR)},
  volume={39},
  number={2},
  pages={4},
  year={2007},
  publisher={ACM}
}

@article{huang2013short,
  title={Short read alignment with populations of genomes},
  author={Huang, Lin and Popic, Victoria and Batzoglou, Serafim},
  journal={Bioinformatics},
  volume={29},
  number={13},
  pages={i361--i370},
  year={2013},
  publisher={Oxford Univ Press}
}

@article{zhao2013ssw,
  title={SSW library: An SIMD smith-waterman C/C++ library for use in genomic applications},
  author={Zhao, Mengyao and Lee, Wan-Ping and Garrison, Erik P and Marth, Gabor T},
  journal={PloS one},
  volume={8},
  number={12},
  pages={e82138},
  year={2013},
  publisher={Public Library of Science}
}

@article{farrar2007striped,
  title={Striped Smith--Waterman speeds database searches six times over other SIMD implementations},
  author={Farrar, Michael},
  journal={Bioinformatics},
  volume={23},
  number={2},
  pages={156--161},
  year={2007},
  publisher={Oxford Univ Press}
}
